@article{edge1,
  author    = {Pedro Garc{\'{\i}}a L{\'{o}}pez and
               Alberto Montresor and
               Dick H. J. Epema and
               Anwitaman Datta and
               Teruo Higashino and
               Adriana Iamnitchi and
               Marinho P. Barcellos and
               Pascal Felber and
               Etienne Rivi{\`{e}}re},
  title     = {Edge-centric Computing: Vision and Challenges},
  journal   = {Computer Communication Review},
  volume    = {45},
  number    = {5},
  pages     = {37--42},
  year      = {2015},
  url       = {http://doi.acm.org/10.1145/2831347.2831354},
  doi       = {10.1145/2831347.2831354},
  timestamp = {Tue, 27 Oct 2015 14:15:02 +0100},
  biburl    = {http://dblp.dagstuhl.de/rec/bib/journals/ccr/LopezMEDHIBFR15},
  bibsource = {dblp computer science bibliography, http://dblp.org}
}


@article{edge2,
  author    = {Weisong Shi and
               Jie Cao and
               Quan Zhang and
               Youhuizi Li and
               Lanyu Xu},
  title     = {Edge Computing: Vision and Challenges},
  journal   = {{IEEE} Internet of Things Journal},
  volume    = {3},
  number    = {5},
  pages     = {637--646},
  year      = {2016},
  url       = {http://dx.doi.org/10.1109/JIOT.2016.2579198},
  doi       = {10.1109/JIOT.2016.2579198},
  timestamp = {Wed, 14 Sep 2016 16:56:04 +0200},
  biburl    = {http://dblp.dagstuhl.de/rec/bib/journals/iotj/ShiCZLX16},
  bibsource = {dblp computer science bibliography, http://dblp.org}
}


@inproceedings{edge3,
  author    = {Hyunseok Chang and
               Adiseshu Hari and
               Sarit Mukherjee and
               T. V. Lakshman},
  title     = {Bringing the cloud to the edge},
  booktitle = {2014 Proceedings {IEEE} {INFOCOM} Workshops, Toronto, ON, Canada,
               April 27 - May 2, 2014},
  pages     = {346--351},
  year      = {2014},
  crossref  = {DBLP:conf/infocom/2014w},
  url       = {http://dx.doi.org/10.1109/INFCOMW.2014.6849256},
  doi       = {10.1109/INFCOMW.2014.6849256},
  timestamp = {Mon, 26 Jan 2015 16:54:55 +0100},
  biburl    = {http://dblp.dagstuhl.de/rec/bib/conf/infocom/ChangHML14},
  bibsource = {dblp computer science bibliography, http://dblp.org}
}




@article{edge4,
  author    = {Sharon Choy and
               Bernard Wong and
               Gwendal Simon and
               Catherine Rosenberg},
  title     = {A hybrid edge-cloud architecture for reducing on-demand gaming latency},
  journal   = {Multimedia Syst.},
  volume    = {20},
  number    = {5},
  pages     = {503--519},
  year      = {2014},
  url       = {http://dx.doi.org/10.1007/s00530-014-0367-z},
  doi       = {10.1007/s00530-014-0367-z},
  timestamp = {Mon, 22 Sep 2014 14:35:04 +0200},
  biburl    = {http://dblp.dagstuhl.de/rec/bib/journals/mms/ChoyWSR14},
  bibsource = {dblp computer science bibliography, http://dblp.org}
}



@incollection{edge5,
  author    = {Flavio Bonomi and
               Rodolfo A. Milito and
               Preethi Natarajan and
               Jiang Zhu},
  title     = {Fog Computing: {A} Platform for Internet of Things and Analytics},
  booktitle = {Big Data and Internet of Things: {A} Roadmap for Smart Environments},
  pages     = {169--186},
  year      = {2014},
  crossref  = {DBLP:series/sci/2014-546},
  url       = {http://dx.doi.org/10.1007/978-3-319-05029-4_7},
  doi       = {10.1007/978-3-319-05029-4_7},
  timestamp = {Tue, 02 Dec 2014 13:12:38 +0100},
  biburl    = {http://dblp.dagstuhl.de/rec/bib/series/sci/BonomiMNZ14},
  bibsource = {dblp computer science bibliography, http://dblp.org}
}
